<?xml version="1.0" encoding="utf-8"?>
<record xmlns="http://www.loc.gov/MARC21/slim" xmlns:xsi="http://www.w3.org/2001/XMLSchema-instance" xsi:schemaLocation="http://www.loc.gov/MARC21/slim http://www.loc.gov/standards/marcxml/schema/MARC21slim.xsd">
	<leader>     nam a22     Mi 4500</leader>
	<controlfield tag="001">283378</controlfield>
	<controlfield tag="003">NjP</controlfield>
	<controlfield tag="006">m        d        </controlfield>
	<controlfield tag="007">cr cn |||m|||a</controlfield>
	<controlfield tag="008">180814m19589999iq h    o     000 0 ara  </controlfield>
	<datafield ind1="7" ind2=" " tag="024">
		<subfield code="a">princeton_aco001107</subfield>
		<subfield code="2">local</subfield>
	</datafield>
	<datafield ind1=" " ind2=" " tag="040">
		<subfield code="a">ZYU</subfield>
		<subfield code="b">eng</subfield>
		<subfield code="c">ZYU</subfield>
	</datafield>
	<datafield ind1=" " ind2="4" tag="050">
		<subfield code="a">BP194.2</subfield>
		<subfield code="b">.T3 1958</subfield>
	</datafield>
	<datafield ind1=" " ind2=" " tag="079">
		<subfield code="a">ocm28300223</subfield>
	</datafield>
	<datafield ind1="1" ind2=" " tag="100">
		<subfield code="6">880-01</subfield>
		<subfield code="a">Khūʼī, Abū al-Qāsim ibn ʻAlī Akbar,</subfield>
		<subfield code="d">1899-</subfield>
	</datafield>
	<datafield ind1="1" ind2="0" tag="245">
		<subfield code="6">880-02</subfield>
		<subfield code="a">Madārik al-ʻUrwah al-wuthqá</subfield>
		<subfield code="h">[electronic resource] :</subfield>
		<subfield code="b">durūs fī fiqh al-Shīʻah /</subfield>
		<subfield code="c">alqāhā Abū al-Qāsim al-Khūʼī ; Taʼlīf Muḥammad Mahdī al-Khalkhālī.</subfield>
	</datafield>
	<datafield ind1=" " ind2=" " tag="260">
		<subfield code="6">880-03</subfield>
		<subfield code="a">[Al-Najaf] :</subfield>
		<subfield code="b">[Dār al-Kutub al-Islāmīyah],</subfield>
		<subfield code="c">[1958/1959]-</subfield>
	</datafield>
	<datafield ind1=" " ind2=" " tag="300">
		<subfield code="a">online resource (v.) :</subfield>
		<subfield code="b">facsims.</subfield>
	</datafield>
	<datafield ind1=" " ind2=" " tag="500">
		<subfield code="a">Publisher varies.</subfield>
	</datafield>
	<datafield ind1=" " ind2=" " tag="500">
		<subfield code="a">Part of the Arabic Collections Online (ACO) project, contributed by Princeton University Libraries.</subfield>
	</datafield>
	<datafield ind1=" " ind2=" " tag="533">
		<subfield code="a">Electronic reproduction.</subfield>
		<subfield code="b">New York, N.Y. :</subfield>
		<subfield code="c">New York University,</subfield>
		<subfield code="d">2018.</subfield>
		<subfield code="5">NNU</subfield>
	</datafield>
	<datafield ind1="1" ind2="0" tag="600">
		<subfield code="6">880-04</subfield>
		<subfield code="a">Ṭabāṭabāʼī al-Yazdī, Muḥammad Kāẓim,</subfield>
		<subfield code="d">-1919.</subfield>
		<subfield code="t">ʻUrwah al-wuthqá.</subfield>
	</datafield>
	<datafield ind1=" " ind2="0" tag="650">
		<subfield code="a">Islamic law</subfield>
		<subfield code="x">Interpretation and construction.</subfield>
	</datafield>
	<datafield ind1="1" ind2=" " tag="700">
		<subfield code="6">880-05</subfield>
		<subfield code="a">Mūsavī Khalkhālī, Muḥammad Mahdī.</subfield>
	</datafield>
	<datafield ind1="2" ind2=" " tag="710">
		<subfield code="a">Princeton University.</subfield>
		<subfield code="b">Library.</subfield>
	</datafield>
	<datafield ind1="0" ind2=" " tag="730">
		<subfield code="a">Arabic Collections Online.</subfield>
	</datafield>
	<datafield ind1="0" ind2="8" tag="776">
		<subfield code="i">Print version:</subfield>
		<subfield code="a">Khūʼī, Abū al-Qāsim ibn ʻAlī Akbar, 1899-</subfield>
		<subfield code="t">Madārik al-ʻUrwah al-wuthqá</subfield>
		<subfield code="w">(NjP)283378</subfield>
		<subfield code="w">(DLC)ne 65001095 </subfield>
	</datafield>
	<datafield ind1="4" ind2="0" tag="856">
		<subfield code="u">http://hdl.handle.net/2333.1/6m905x12</subfield>
	</datafield>
	<datafield ind1="1" ind2=" " tag="880">
		<subfield code="6">100-01</subfield>
		<subfield code="a">خوئي، ابو القاسم بن علي اكبر،‎‎‎</subfield>
		<subfield code="d">1899-</subfield>
	</datafield>
	<datafield ind1="1" ind2="0" tag="880">
		<subfield code="6">245-02</subfield>
		<subfield code="a">مدارك العروة الوثقى :‎‎‎</subfield>
		<subfield code="b">دروس في فقه الشيعة /‎‎‎</subfield>
		<subfield code="c">القاها ابو القاسم الخوئي ; تأليف محمد مهدي الخلخالي.‎‎‎</subfield>
	</datafield>
	<datafield ind1=" " ind2=" " tag="880">
		<subfield code="6">260-03</subfield>
		<subfield code="a">[النجف] :‎‎‎</subfield>
		<subfield code="b">[دار الكتب الاسلامية]،‎‎‎</subfield>
		<subfield code="c">[1958/1959]-</subfield>
	</datafield>
	<datafield ind1="1" ind2="4" tag="880">
		<subfield code="6">600-04</subfield>
		<subfield code="a">طباطبائي اليزدي، محمد كاظم،‎‎‎</subfield>
		<subfield code="d">-1919.</subfield>
		<subfield code="t">عروة الوثقى.‎‎‎</subfield>
	</datafield>
	<datafield ind1="1" ind2=" " tag="880">
		<subfield code="6">700-05</subfield>
		<subfield code="a">موسڤي خلخالي، محمد مهدي.‎‎‎</subfield>
	</datafield>
	<datafield ind1=" " ind2=" " tag="911">
		<subfield code="a">19930617</subfield>
	</datafield>
	<datafield ind1=" " ind2=" " tag="912">
		<subfield code="a">19980515040600.0</subfield>
	</datafield>
	<datafield ind1=" " ind2=" " tag="959">
		<subfield code="a">NNU</subfield>
		<subfield code="b">WEB</subfield>
		<subfield code="c">GENI</subfield>
		<subfield code="t">0</subfield>
		<subfield code="m">Electronic access</subfield>
		<subfield code="s">01</subfield>
	</datafield>
	<datafield ind1=" " ind2=" " tag="999">
		<subfield code="a">283378</subfield>
		<subfield code="e">(ERROR-MISC)</subfield>
		<subfield code="i">NjP_283378</subfield>
		<subfield code="s">princeton_aco001107:vol.3</subfield>
		<subfield code="s">princeton_aco001108:vol.4</subfield>
	</datafield>
</record>
